<record><leader>00000cas a22000007a 4500</leader><controlfield tag="001">28383678</controlfield><controlfield tag="008">930706d19071919okuwr ne      0    0eng d</controlfield><datafield ind1=" " ind2=" " tag="010"><subfield code="a">sn 93066091 </subfield></datafield><datafield ind1=" " ind2=" " tag="040"><subfield code="a">OBN</subfield><subfield code="b">eng</subfield><subfield code="c">OBN</subfield><subfield code="d">OCL</subfield><subfield code="d">OCLCQ</subfield><subfield code="d">OCLCF</subfield><subfield code="d">OCLCO</subfield></datafield><datafield ind1="1" ind2=" " tag="029"><subfield code="a">AU@</subfield><subfield code="b">000020746649</subfield></datafield><datafield ind1=" " ind2=" " tag="042"><subfield code="a">msc</subfield></datafield><datafield ind1=" " ind2=" " tag="043"><subfield code="a">n-us-ok</subfield></datafield><datafield ind1="0" ind2="4" tag="245"><subfield code="a">The Guymon democrat.</subfield></datafield><datafield ind1=" " ind2=" " tag="260"><subfield code="a">Guymon, Texas County, Okla. :</subfield><subfield code="b">Democrat Pub. Co.</subfield></datafield><datafield ind1=" " ind2=" " tag="300"><subfield code="a">v.</subfield></datafield><datafield ind1=" " ind2=" " tag="310"><subfield code="a">Weekly</subfield></datafield><datafield ind1="0" ind2=" " tag="362"><subfield code="a">-v. 13, no. 7 (Feb. 27, 1919).</subfield></datafield><datafield ind1="1" ind2=" " tag="362"><subfield code="a">Began Jan. 17, 1907.</subfield></datafield><datafield ind1=" " ind2=" " tag="588"><subfield code="a">Description based on: Vol. 1, no. 2 (Jan. 24, 1907).</subfield></datafield><datafield ind1=" " ind2="0" tag="651"><subfield code="a">Guymon (Okla.)</subfield><subfield code="v">Newspapers.</subfield></datafield><datafield ind1=" " ind2="0" tag="651"><subfield code="a">Texas County (Okla.)</subfield><subfield code="v">Newspapers.</subfield></datafield><datafield ind1=" " ind2="7" tag="655"><subfield code="a">Newspapers.</subfield><subfield code="2">fast</subfield><subfield code="0">(OCoLC)fst01423814</subfield></datafield><datafield ind1=" " ind2="7" tag="651"><subfield code="a">Oklahoma</subfield><subfield code="z">Guymon.</subfield><subfield code="2">fast</subfield><subfield code="0">(OCoLC)fst01224704</subfield></datafield><datafield ind1=" " ind2="7" tag="651"><subfield code="a">Oklahoma</subfield><subfield code="z">Texas County.</subfield><subfield code="2">fast</subfield><subfield code="0">(OCoLC)fst01223286</subfield></datafield><datafield ind1=" " ind2=" " tag="752"><subfield code="a">United States</subfield><subfield code="b">Oklahoma</subfield><subfield code="c">Texas</subfield><subfield code="d">Guymon.</subfield></datafield><datafield ind1="0" ind2="4" tag="785"><subfield code="t">Guymon herald</subfield><subfield code="w">(DLC)sn 86064079</subfield><subfield code="w">(OCoLC)13686129</subfield></datafield></record>